@article{jiao2013universal,
  title={Universal estimation of directed information},
  author={Jiao, Jiantao and Permuter, Haim H and Zhao, Lei and Kim, Young-Han and Weissman, Tsachy},
  journal={IEEE Transactions on Information Theory},
  volume={59},
  number={10},
  pages={6220--6242},
  year={2013},
  publisher={IEEE}
}

@inproceedings{cai2005universal,
  title={A universal lossless compressor with side information based on context tree weighting},
  author={Cai, Haixiao and Kulkarni, Sanjeev R and Verd{\'u}, Sergio},
  booktitle={Information Theory, 2005. ISIT 2005. Proceedings. International Symposium on},
  pages={2340--2344},
  year={2005},
  organization={IEEE}
}

@inproceedings{hedayati2012optimality,
  title={The optimality of Jeffreys prior for online density estimation and the asymptotic normality of maximum likelihood estimators},
  author={Hedayati, Fares and Bartlett, Peter L},
  booktitle={Conference on Learning Theory},
  pages={7--1},
  year={2012}
}

@inproceedings{daniely2015strongly,
  title={Strongly adaptive online learning},
  author={Daniely, Amit and Gonen, Alon and Shalev-Shwartz, Shai},
  booktitle={Proceedings of the 32nd International Conference on Machine Learning (ICML-15)},
  pages={1405--1411},
  year={2015}
}

@article{sancetta2012universality,
  title={Universality of Bayesian predictions},
  author={Sancetta, Alessio and others},
  journal={Bayesian Analysis},
  volume={7},
  number={1},
  pages={1--36},
  year={2012},
  publisher={International Society for Bayesian Analysis}
}

@article{so2012assessing,
  title={Assessing functional connectivity of neural ensembles using directed information},
  author={So, Kelvin and Koralek, Aaron C and Ganguly, Karunesh and Gastpar, Michael C and Carmena, Jose M},
  journal={Journal of neural engineering},
  volume={9},
  number={2},
  pages={026004},
  year={2012},
  publisher={IOP Publishing}
}

@article{merhav1998universal,
  title={Universal prediction},
  author={Merhav, Neri and Feder, Meir},
  journal={IEEE Transactions on Information Theory},
  volume={44},
  number={6},
  pages={2124--2147},
  year={1998},
  publisher={IEEE}
}

@article{permuter2011interpretations,
  title={Interpretations of directed information in portfolio theory, data compression, and hypothesis testing},
  author={Permuter, Haim H and Kim, Young-Han and Weissman, Tsachy},
  journal={IEEE Transactions on Information Theory},
  volume={57},
  number={6},
  pages={3248--3259},
  year={2011},
  publisher={IEEE}
}

@article{amblard2011directed,
  title={On directed information theory and Granger causality graphs},
  author={Amblard, Pierre-Olivier and Michel, Olivier JJ},
  journal={Journal of computational neuroscience},
  volume={30},
  number={1},
  pages={7--16},
  year={2011},
  publisher={Springer}
}

@inproceedings{massey1990causality,
  title={Causality, feedback and directed information},
  author={Massey, James},
  booktitle={Proc. Int. Symp. Inf. Theory Applic.(ISITA-90)},
  pages={303--305},
  year={1990}
}